@misc{nso_1212mn,
  author       = {{Үндэсний Статистикийн Хороо}},
  title        = {1212.mn — Статистикийн мэдээллийн нэгдсэн сан},
  year         = {2025},
  url          = {https://www.1212.mn/},
  note         = {Хандсан: 2025-10-15},
  institution  = {Үндэсний Статистикийн Хороо},
}
@misc{nso_education_health_2001,
  author       = {{Монгол Улсын Үндэсний Статистикийн Хороо}},
  title        = {Боловсрол, эрүүл мэндийн салбарын статистик мэдээлэл},
  year         = 2001,
  url          = {https://www.nso.mn/mn/statcate/table-view/Education,%20health/Universities%2C%20institutes%20and%20colleges/DT_NSO_2001_014V1.px},
  note         = {Хандсан огноо: 2025-10-14}
}
@Manual{NSO1212,
  title = {NSO's Open Data API Handler},
  author = {Makhgal Ganbold},
  year = {2021},
  note = {R package version 1.5.0},
  url = {https://CRAN.R-project.org/package=NSO1212},
}
@book{roback2021beyond,
  title     = {Beyond Multiple Linear Regression: Applied Generalized Linear Models and Multilevel Models in R},
  author    = {Paul Roback and Julie Legler},
  year      = {2021},
  publisher = {CRC Press},
  chapter   = {4},
  titleaddon = {Poisson Regression},
  url       = {https://bookdown.org/roback/bookdown-BeyondMLR/ch-MLRreview.html},
  note      = {Хандсан: 2025-10-15},
}
@Book{r_aer,
  title = {Applied Econometrics with {R}},
  author = {Christian Kleiber and Achim Zeileis},
  year = {2008},
  publisher = {Springer-Verlag},
  address = {New York},
  doi = {10.1007/978-0-387-77318-6},
  url = {https://CRAN.R-project.org/package=AER},
}
@article{schober2018,
  author    = {Schober, P. and Vetter, T. R. and Haller, G.},
  title     = {Correlation Coefficients: Appropriate Use and Interpretation},
  journal   = {Anesthesia & Analgesia},
  year      = {2018},
  volume    = {126},
  number    = {5},
  pages     = {1763--1768},
  doi       = {10.1213/ANE.0000000000002864}
}
