@book{makhgal2017,
  title={Олон хэмжээст өгөгдлийн статистик шинжилгээ},
  author={Ш.Мөнгөнсүх, Г.Махгал},
  isbn={9789997816481},
  lccn={},
  series={},
  url={},
  year={2017},
  publisher={}
}
@misc{FactoMineRWiki,
	title = {{FactoMineR} and factoextra : {Principal} {Component} {Analysis} {Visualization} - {R} software and data mining - {Easy} {Guides} - {Wiki} - {STHDA}},
	shorttitle = {{FactoMineR} and factoextra},
	url = {http://www.sthda.com/english/wiki/wiki.php?id_contents=7851},
	abstract = {Statistical tools for data analysis and visualization},
	language = {en},
	urldate = {2022-04-15},
}
@article{JSSv025i01,
 title={FactoMineR: An R Package for Multivariate Analysis},
 volume={25},
 url={https://www.jstatsoft.org/index.php/jss/article/view/v025i01},
 doi={10.18637/jss.v025.i01},
 abstract={In this article, we present &amp;lt;b&amp;gt;FactoMineR&amp;lt;/b&amp;gt; an R package dedicated to multivariate data analysis. The main features of this package is the possibility to take into account different types of variables (quantitative or categorical), different types of structure on the data (a partition on the variables, a hierarchy on the variables, a partition on the individuals) and finally supplementary information (supplementary individuals and variables). Moreover, the dimensions issued from the different exploratory data analyses can be automatically described by quantitative and/or categorical variables. Numerous graphics are also available with various options. Finally, a graphical user interface is implemented within the &amp;lt;b&amp;gt;Rcmdr&amp;lt;/b&amp;gt; environment in order to propose an user friendly package.},
 number={1},
 journal={Journal of Statistical Software},
 author={Lê, Sébastien and Josse, Julie and Husson, François},
 year={2008},
 pages={1–18}
}
@misc{factoextra,
  title={Extract and visualize the results of multivariate data analyses},
  url={https://rpkgs.datanovia.com/factoextra/index.html}
}
